@string{ cikm = "Proceedings of the ACM CIKM International Conference on
            Information and Knowledge Management" }
@string{ sigir = "Proceedings of the ACM SIGIR International Conference
            on Research and Development in Information Retrieval" }
@string{ wsdm = "Proceedings of the ACM WSDM International Conference
            on Web Search and Data Mining" }
@string{ jasist = "Journal of the Association for Information Science
and Technology"}
@string{ ipm = "Information Processing and Management"}
@string{ ecir = "Proceedings of the European Conference on Information
Retrieval"}

@article{Alonso:2012,
 author = {Alonso, Omar and Mizzaro, Stefano},
 title = {Using Crowdsourcing for {TREC} Relevance Assessment},
 journal = ipm,
 issue_date = {November, 2012},
 volume = 48,
 number = 6,
 year = 2012,
 pages = {1053--1066},
} 

@inproceedings{Scholer:2013,
 author = {Scholer, Falk and Kelly, Diane and Wu, Wan-Ching and Lee, Hanseul S. and Webber, William},
 title = {The Effect of Threshold Priming and Need for Cognition on Relevance Calibration and Assessment},
 booktitle = sigir,
 year = {2013},
 hideaddress = {Dublin, Ireland},
 pages = {623--632},
} 


@inproceedings{Sormunen:2002,
 author = {Sormunen, Eero},
 title = {Liberal Relevance Criteria of {TREC}: Counting on Negligible Documents?},
 booktitle = sigir,
 year = {2002},
 pages = {324--330},
 hideaddress = {Tampere, Finland},
} 

@article{McG03,
  title={Usability magnitude estimation},
  author={McGee, Mick},
  journal={Proceedings of the Human Factors and Ergonomics Society Annual Meeting},
  volume={47},
  number={4},
  pages={691--695},
  year={2003},
}


@article{Joh10,
  title={How Much is too Much? {U}sing Magnitude Estimation for User Experience Research},
  author={Johnson, Korey and Bojko, Aga},
  journal={Proceedings of the Human Factors and Ergonomics Society Annual Meeting},
  volume={54},
  number={12},
  pages={942--946},
  year={2010},
}

@article{Eis88,
 title = "Measuring Relevance Judgements",
 author = "Michael Eisenberg",
 journal = ipm,
 year = "1988",
 volume = "24",
 number = "4",
 pages = "373--389",
}

@article{Ste66,
  title={A metric for the social consensus.},
  author={Stevens, Stanley S},
  journal={Science (New York, NY)},
  volume={151},
  number={3710},
  pages={530--541},
  year={1966}
}   



@article{SpiGre01,
  title={Regions and levels: Measuring and mapping users' relevance judgments},
  author={Spink, Amanda and Greisdorf, Howard},
  journal={JASIST},
  volume={52},
  number={2},
  pages={161--173},
  year={2001},
}

@inproceedings{SchTur09,
 author = {Falk Scholer and Andrew Turpin},
 title = {Metric and Relevance Mismatch in Retrieval Evaluation},
 booktitle = "The Fifth Asia Information Retrieval Symposium (AIRS 2009)",
 hideaddress = {Sapporo, Japan},
 year = {2009},
 pages = {50--62},
}

@book{Ges97,
  title={Psychophysics: The Fundamentals},
  author={George Gescheider},
  edition={3rd},
  year={1997},
  publisher={Lawrence Erlbaum Associates}
}

@book{VooHar05,
   author = "Ellen M. Voorhees and Donna K. Harman",
   title  = "{TREC:} experiment and evaluation in information retrieval",
   publisher = "MIT Press",
   year = "2005",
}

@article{JarKek02,
 author = {Kalervo J\"{a}rvelin and Jaana Kek\"{a}l\"{a}inen},
 title = {Cumulated gain-based evaluation of {IR} techniques},
 journal = {ACM Transactions on Information Systems},
 volume = {20},
 number = {4},
 year = {2002},
 pages = {422--446},
}


@inproceedings{ClaCra04,
  author =       {Charles Clarke and Nick Craswell and Ian Soboroff},
  title =        {Overview of the {TREC} 2004 Terabyte Track},
  booktitle =    {The Fourteenth Text REtrieval Conference (TREC 2005)},
  hideaddress =      {Gaithersburg, MD},
  year =         "2005",
  publisher =  {NIST},
}
  publisher =  {National Institute of Standards and Technology}
@article{TanSha99,
  title={Towards the identification of the optimal number of relevance categories},
  author={Tang, Rong and Shaw,  William M and Vevea, Jack L},
  journal={JASIS},
  volume={50},
  number={3},
  pages={254--264},
  year={1999},
} 


@Article{Stevens46,
author = {Stevens, Stanley Smith},
title = {On the theory of scales of measurement},
journal = {Science},
year = {1946},
volume = {103 (2684)},
pages = {677-80}
}

@misc{wiki:measurement,
author = "Wikipedia",
title = "Level of Measurement --- {Wikipedia}, The Free Encyclopedia",
year = "2014",
howpublished = "\url{http://en.wikipedia.org/wiki/Level_of_measurement}",
note = "[Last visit: September 2014]"
}

@Article{Tversky77,
  author = 	 {Amos Tversky},
  title = 	 {Features of Similarity},
  journal = 	 {Psychological Review},
  year = 	 1977,
  volume = 	 84,
  number = 	 4,
  pages = {327--352}
}

@Article{ADM04,
author = 	 {Della Mea, V.  and S. Mizzaro},
title = 	 {Measuring retrieval effectiveness: A new proposal and a first experimental validation},
journal = 	 {JASIST},
year = 	 2004,
volume =	 55,
number =	 6,
pages =	 {530-543}
}

%sliding ratio
@article{Pollack68,
  title={{Measures for the Comparison of Information Retrieval Systems}},
  author={Pollack, S. M.},
  journal={American Documentation},
  volume={19},
  number={4},
  pages={387-397},
  year={1968}
}

@inproceedings{Hosseini:2012,
 author = {Hosseini, Mehdi and Cox, Ingemar J. and Mili\'{c}-Frayling, Nata\v{s}a and Kazai, Gabriella and Vinay, Vishwa},
 title = {On Aggregating Labels from Multiple Crowd Workers to Infer Relevance of Documents},
 booktitle = ecir,
 year = {2012},
 hideaddress = {Barcelona, Spain},
 pages = {182--194},
} 

@article{Zuccon:2013,
  title={Crowdsourcing interactions: using crowdsourcing for evaluating interactive information retrieval systems},
  author={Zuccon, Guido and Leelanupab, Teerapong and Whiting, Stewart and Yilmaz, Emine and Jose, Joemon M and Azzopardi, Leif},
  journal={Information retrieval},
  volume={16},
  number={2},
  pages={267--305},
  year={2013},
}


@article{moskowitz:1977,
	Author = {Moskowitz, Howard R.},
	Journal = {Journal of Food Quality},
	Number = {3},
	Pages = {195--227},
	Publisher = {Blackwell Publishing Ltd},
	Title = {Magnitude estimation: notes on what, how, when, and why to use it},
	Volume = {1},
	Year = {1977},
   }

@incollection{EhrEhr99,
  title={Psychophysical Methods},
  author={Walter H. Ehrenstein and Addie Ehrenstein},
  booktitle={Modern techniques in neuroscience research},
  pages={1211--1241},
  year={1999},
  publisher = "Springer",
  editor = "Uwe Windhorst and Hakan Johansson",
}

@inproceedings{ChaMet09,
  title={Expected reciprocal rank for graded relevance},
  author={Chapelle, Olivier and Metlzer, Donald and Zhang, Ya and Grinspan, Pierre},
  booktitle=cikm,
  pages={621--630},
  year={2009},
  hidehideaddress ={Hong Kong},
}


@inproceedings{ColBen14,
  title={{TREC 2013 Web Track Overview}},
  author={Collins-Thompson, Kevyn and Bennett, Paul and Diaz, Fernando and Clarke, Charles LA and Voorhees, Ellen M},
  booktitle={22nd Text REtrieval Conference (TREC 2013)}, 
  hidehideaddress ={Gaithersburg, MD},
  year={2014}
}


@inproceedings{VooHar99,
  author =    {Ellen M. Voorhees and Donna K. Harman},
  title =     "Overview of the {E}ighth {T}ext {RE}trieval {C}onference ({TREC}-8)",
  pages =     {1--24},
  year =      {1999},
  hidehideaddress =    {Gaithersburg, MD},
  booktitle = {The Eighth Text REtrieval Conference (TREC-8)},
}


@article{Cox80,
  title={The optimal number of response alternatives for a scale: A review},
  author={Cox, Eli P},
  journal={Journal of marketing research},
  pages={407--422},
  volume={17},
  number={4},
  year={1980},
}

@article{BarRob96,
  title={Magnitude estimation of linguistic acceptability},
  author={Bard, Ellen Gurman and Robertson, Dan and Sorace, Antonella},
  journal={Language},
  pages={32--68},
  year={1996},
  volume={72},
  number={1},
}

@inproceedings{SchMad14,
  title={Magnitudes of Relevance:  Relevance Judgements, Magnitude
  Estimation, and Crowdsourcing},
  author={Falk Scholer and Eddy Maddalena and Stefano Mizzaro and Andrew Turpin},
   booktitle = "The Sixth International Workshop on Evaluating
   Information Access (EVIA 2014)",
  hideaddress = {Tokyo, Japan},
  year={2014},
}

@book{She07,
  author =       "David Sheskin",
  title =        "Handbook of parametric and nonparametric statistical procedures, 4th ed.",
  publisher =    "CRC Press",
  year =         "2007",
}


@inproceedings{CarSob10,
  title={The effect of assessor error on {IR} system evaluation},
  author={Carterette, Ben and Soboroff, Ian},
  booktitle=sigir,
  pages={539--546},
  year={2010},
  hidehideaddress ={Geneva, Switzerland},
}

@inproceedings{SchTur11,
  title={Quantifying test collection quality based on the consistency of relevance judgements},
  author={Scholer, Falk and Turpin, Andrew and Sanderson, Mark},
  booktitle=sigir,
  pages={1063--1072},
  year={2011},
  hidehideaddress ={Beijing, China},
}

@inproceedings{WebPic13,
 author = {Webber, William and Pickens, Jeremy},
 title = {Assessor Disagreement and Text Classifier Accuracy},
 booktitle = sigir,
 year = {2013},
 hideaddress = {Dublin, Ireland},
 pages = {929--932},
} 


@article{Sar07,
  title={Relevance: A review of the literature and a framework for thinking on the notion in information science. {P}art {II}: nature and manifestations of relevance},
  author={Saracevic, Tefko.},
  journal={JASIST},
  volume={58},
  number={13},
  pages={1915--1933},
  year={2007},
}
  journal={Journal of the American Society for Information Science and Technology},

@inproceedings{LogGra12,
  title={Tuning parameters of the expected reciprocal rank},
  author={Logachev, Yury and Grauer, Lidia and Serdyukov, Pavel},
  booktitle={Proceedings of the 21st international conference on World Wide Web},
  pages={571--572},
  year={2012},
  hideaddress ={Lyon, France}
}

@inproceedings{BurSha05,
  title={Learning to rank using gradient descent},
  author={Burges, Chris and Shaked, Tal and Renshaw, Erin and Lazier, Ari and Deeds, Matt and Hamilton, Nicole and Hullender, Greg},
  booktitle={Proceedings of the 22nd international conference on Machine learning},
  pages={89--96},
  year={2005},
  hideaddress ={Bonn, Germany},
}

@book{Mar74,
  title={Sensory Processes: The new Psychophysics},
  author={Lawrence Marks},
  year={1974},
  publisher={Academic Press},
}


@inproceedings{KanAsl03,
  title={Empirical justification of the gain and discount function for {nDCG}},
  author={Kanoulas, Evangelos and Aslam, Javed A},
  booktitle=cikm,
  pages={611--620},
  year={2009},
  hideaddress ={Hong Kong},
}

@inproceedings{KazYil13,
  title={User intent and assessor disagreement in web search evaluation},
  author={Kazai, Gabriella and Yilmaz, Emine and Craswell, Nick and Tahaghoghi, Seyed MM},
  booktitle=cikm,
  pages={699--708},
  year={2013},
  hideaddress ={San Francisco, CA}
}

@inproceedings{MadMiz15,
  author    = {Eddy Maddalena and
               Stefano Mizzaro and
               Falk Scholer and
               Andrew Turpin},
  title     = {Judging Relevance Using Magnitude Estimation},
  booktitle = ecir,
  hideaddress   = {Vienna, Austria},
  pages     = {215--220},
  year      = {2015},
}
  url       = {http://dx.doi.org/10.1007/978-3-319-16354-3_23},
  doi       = {10.1007/978-3-319-16354-3_23},


@inproceedings{ME-SIGIR15,
 author = {Turpin, Andrew and Scholer, Falk and Mizzaro, Stefano and Maddalena, Eddy},
 title = {The Benefits of Magnitude Estimation Relevance Assessments for Information Retrieval Evaluation},
 booktitle = sigir,
 year = {2015},
 isbn = {978-1-4503-3621-5},
 location = {Santiago, Chile},
 pages = {565--574},
 numpages = {10},
 hideurl = {http://doi.acm.org/10.1145/2766462.2767760},
 hidedoi = {10.1145/2766462.2767760},
 acmid = {2767760},
 publisher = {ACM},
 hideaddress = {New York, NY, USA},
 keywords = {evaluation, magnitude estimation, relevance, relevance assessments},
} 

@article{HayKri07,
  title={Answering the call for a standard reliability measure for coding data},
  author={Hayes, Andrew F and Krippendorff, Klaus},
  journal={Communication methods and measures},
  volume={1},
  number={1},
  pages={77--89},
  year={2007},
}

@article{Kri11,
  title={Computing Krippendorff's alpha reliability},
  author={Krippendorff, Klaus},
  journal={Departmental Papers (ASC)},
  number={1-25-2011},
  year={2011}
}



@article{Sakai07,
title = "On the reliability of information retrieval metrics based on graded relevance ",
journal = ipm,
volume = "43",
number = "2",
pages = "531 - 548",
year = "2007",
author = "Tetsuya Sakai",
}


@inproceedings{DemAly14,
  title={Exploiting user disagreement for web search evaluation: an experimental approach},
  author={Demeester, Thomas and Aly, Robin and Hiemstra, Djoerd and Nguyen, Dong and Trieschnigg, Dolf and Develder, Chris},
  booktitle=wsdm,
  pages={33--42},
  year={2014},
  note={“Exploiting User Disagreement for Web Search Evaluation: an
  Experimental Approach” (T. Demeester et al., WSDM 2014), which already
  brings up the problem of arbitrarily chosen (linear/exponential) gain
  values, and proposes an practical technique to estimate gain values
  for
  the different relevance levels, with a probabilistic interpretation,
  based on the average user disagreement.},
}

@inproceedings{RobKan10,
  title={Extending average precision to graded relevance judgments},
  author={Robertson, Stephen E and Kanoulas, Evangelos and Yilmaz, Emine},
  booktitle=sigir,
  pages={603--610},
  year={2010},
  note={“Extending Average Precision to Graded Relevance Judgments” (S.
  Robertson et al., SIGIR 2010), which proposes a measure (graded
  average
  precision GAP) with an underlying user model, which in leads to a
  theoretical better (yet not very practical) way to set the relevance
  weights (not suffering from arbitrarily chosen gains, or arbitrarily
  chosen discounting functions as in DCG-like measures). In fact, an
  interesting opportunity for your future work, based on the crowd
  judgments, might be to estimate the GAP relevance weights from on
  magnitude estimation results.},
}










@inproceedings{Smucker2014,
  author = {Mark Smucker and Gabriella Kazai and Matthew Lease},
  title = {{Overview of the TREC 2013 Crowdsourcing Track}},
  booktitle = {Proceedings of the 22nd NIST Text Retrieval Conference (TREC)},
  hideurl = {http://www.ischool.utexas.edu/~ml/papers/smucker-trec13.pdf},
  confhideurl = {http://trec.nist.gov/pubs/trec22/t22.proceedings.html},
  year = {2014},
}

@article{Clough2013,
 author = {Clough, Paul and Sanderson, Mark and Tang, Jiayu and Gollins, Tim and Warner, Amy},
 title = {Examining the Limits of Crowdsourcing for Relevance Assessment},
 journal = {IEEE Internet Computing},
 issue_date = {July 2013},
 volume = {17},
 number = {4},
 month = jul,
 year = {2013},
 issn = {1089-7801},
 pages = {32--38},
 numpages = {7},
 hideurl = {http://dx.doi.org/10.1109/MIC.2012.95},
 hidedoi = {10.1109/MIC.2012.95},
 acmid = {2548526},
 publisher = {IEEE Educational Activities Department},
 hideaddress = {Piscataway, NJ, USA},
 keywords = {Performance evaluation,Navigation,Search engines,System analysis and design,Internet,Crowdsourcing,Search methods,Information retrieval,crowdsourcing,information search and retrieval,performance of systems},
} 

@inproceedings{Anderton2012,
 author = {Anderton, Jesse and Bashir, Maryam and Pavlu, Virgil and Aslam, Javed A.},
 title = {An Analysis of Crowd Workers Mistakes for Specific and Complex Relevance Assessment Task},
 booktitle = cikm,
 year = {2013},
 isbn = {978-1-4503-2263-8},
 location = {San Francisco, California, USA},
 pages = {1873--1876},
 numpages = {4},
 hideurl = {http://doi.acm.org/10.1145/2505515.2507884},
 hidehidedoi = {10.1145/2505515.2507884},
 acmid = {2507884},
} 

@inproceedings{Zhang2014,
 author = {Zhang, Yinglong and Zhang, Jin and Lease, Matthew and Gwizdka, Jacek},
 title = {Multidimensional Relevance Modeling via Psychometrics and Crowdsourcing},
 booktitle = sigir,
 year = {2014},
 isbn = {978-1-4503-2257-7},
 location = {Gold Coast, Queensland, Australia},
 pages = {435--444},
 numpages = {10},
 hideurl = {http://doi.acm.org/10.1145/2600428.2609577},
 hidedoi = {10.1145/2600428.2609577},
 acmid = {2609577},
 publisher = {ACM},
 hideaddress = {New York, NY, USA},
 keywords = {relevance judgment, psychometrics, crowdsourcing},
}

@inproceedings{mccreadie:2011,
  title={Crowdsourcing blog track top news judgments at {TREC}},
  author={McCreadie, Richard and Macdonald, Craig and Ounis, Iadh},
  booktitle = wsdm,
  pages={23--26},
  year={2011}
}

@book{keen2008,
  author = {Andrew Keen},
  publisher = {Random House Inc.},
  title = {The Cult of the Amateur: How Blogs, MySpace, YouTube, and the rest of today's user-generated media are killing our culture and economy},
  year = 2008
}

@inproceedings{Jung2011,
author = {Jung, HJ and Lease, Matthew},
booktitle = {Proceedings of the 3rd Human Computation Workshop},
hideisbn = {9781577355274},
hidekeywords = {AAAI Technical Report WS-11-11},
pages = {88--90},
title = {{Improving Consensus Accuracy via Z-score and Weighted Voting}},
hideurl = {http://www.aaai.org/ocs/index.php/WS/AAAIW11/paper/viewPDFInterstitial/3905/4254},
year = {2011}
}

@article{Kazai2013,
 author = {Kazai, Gabriella and Kamps, Jaap and Milic-Frayling, Natasa},
 title = {An Analysis of Human Factors and Label Accuracy in Crowdsourcing Relevance Judgments},
 journal = {Information Retrieval},
 issue_date = {April     2013},
 volume = {16},
 number = {2},
 month = apr,
 year = {2013},
 issn = {1386-4564},
 pages = {138--178},
 numpages = {41},
 hideurl = {http://dx.doi.org/10.1007/s10791-012-9205-0},
 hidedoi = {10.1007/s10791-012-9205-0},
 acmid = {2460573},
 publisher = {Kluwer Academic Publishers},
 hideaddress = {Hingham, MA, USA},
 keywords = {Crowdsourcing, Relevance judgments, Study of human factors},
} 
